<record><leader>00000cas a2200000 a 4500</leader><controlfield tag="001">33919749</controlfield><controlfield tag="008">951214d19uu199ufluwr ne      0    0eng c</controlfield><datafield ind1=" " ind2=" " tag="010"><subfield code="a">sn 95047490 </subfield></datafield><datafield ind1=" " ind2=" " tag="040"><subfield code="a">FUG</subfield><subfield code="b">eng</subfield><subfield code="c">FUG</subfield><subfield code="d">OCLCQ</subfield><subfield code="d">OCLCF</subfield><subfield code="d">OCLCO</subfield></datafield><datafield ind1="1" ind2=" " tag="029"><subfield code="a">AU@</subfield><subfield code="b">000025895087</subfield></datafield><datafield ind1=" " ind2=" " tag="042"><subfield code="a">pcc</subfield></datafield><datafield ind1=" " ind2=" " tag="043"><subfield code="a">n-us-fl</subfield></datafield><datafield ind1="0" ind2=" " tag="130"><subfield code="a">Free press (Islamorada, Fla.)</subfield></datafield><datafield ind1="1" ind2="0" tag="245"><subfield code="a">Free press.</subfield></datafield><datafield ind1="1" ind2="3" tag="246"><subfield code="a">Islamorada free press</subfield></datafield><datafield ind1=" " ind2=" " tag="260"><subfield code="a">Islamorada, Fla. :</subfield><subfield code="b">Thomson Newspapers</subfield></datafield><datafield ind1=" " ind2=" " tag="300"><subfield code="a">v. :</subfield><subfield code="b">ill. ;</subfield><subfield code="c">44 cm.</subfield></datafield><datafield ind1=" " ind2=" " tag="310"><subfield code="a">Weekly</subfield></datafield><datafield ind1=" " ind2=" " tag="500"><subfield code="a">"The most widely distributed newspaper in the Florida Keys."</subfield></datafield><datafield ind1=" " ind2=" " tag="588"><subfield code="a">Description based on: Vol. 9, no. 6 (Nov. 8, 1995).</subfield></datafield><datafield ind1=" " ind2="0" tag="651"><subfield code="a">Islamorada (Fla.)</subfield><subfield code="v">Newspapers.</subfield></datafield><datafield ind1=" " ind2="0" tag="651"><subfield code="a">Monroe County (Fla.)</subfield><subfield code="v">Newspapers.</subfield></datafield><datafield ind1=" " ind2="7" tag="655"><subfield code="a">Newspapers.</subfield><subfield code="2">fast</subfield><subfield code="0">(OCoLC)fst01423814</subfield></datafield><datafield ind1=" " ind2="7" tag="651"><subfield code="a">Florida</subfield><subfield code="z">Islamorada.</subfield><subfield code="2">fast</subfield><subfield code="0">(OCoLC)fst01220039</subfield></datafield><datafield ind1=" " ind2="7" tag="651"><subfield code="a">Florida</subfield><subfield code="z">Monroe County.</subfield><subfield code="2">fast</subfield><subfield code="0">(OCoLC)fst01217770</subfield></datafield><datafield ind1=" " ind2=" " tag="752"><subfield code="a">United States</subfield><subfield code="b">Florida</subfield><subfield code="c">Monroe</subfield><subfield code="d">Islamorada.</subfield></datafield><datafield ind1="0" ind2="0" tag="785"><subfield code="t">Islamorada free press</subfield><subfield code="w">(DLC)sn 97027728</subfield><subfield code="w">(OCoLC)36823035</subfield></datafield></record>